<?xml version="1.0" encoding="UTF-8" ?>
<marc:record xmlns:marc="http://www.loc.gov/MARC21/slim">
<marc:leader>00883cam a2200229   4500</marc:leader>
<marc:controlfield tag="001">109692</marc:controlfield>

<marc:datafield tag="035" ind1=" " ind2=" ">
<marc:subfield code="a">(Sirsi) 109692</marc:subfield>
</marc:datafield>

<marc:datafield tag="041" ind1=" " ind2=" ">
<marc:subfield code="a">fre</marc:subfield>
</marc:datafield>

<marc:controlfield tag="008">890224s1873                        fre  </marc:controlfield>

<marc:datafield tag="100" ind1="1" ind2=" ">
<marc:subfield code="a">Gaudry, Albert,</marc:subfield>
<marc:subfield code="d">1827-1908</marc:subfield>
</marc:datafield>

<marc:datafield tag="245" ind1="1" ind2="0">
<marc:subfield code="a">Animaux fossiles du Mont Leberon (Vaucluse) :</marc:subfield>
<marc:subfield code="b">Etude sur les Vertebres. Etude sur les Invertebres /</marc:subfield>
<marc:subfield code="c">par Albert Gaudry ; par P. Fischer et R. Tournouer </marc:subfield>
</marc:datafield>

<marc:datafield tag="260" ind1=" " ind2=" ">
<marc:subfield code="a">Paris :</marc:subfield>
<marc:subfield code="b">Societe Geologique de France,</marc:subfield>
<marc:subfield code="c">1873 </marc:subfield>
</marc:datafield>

<marc:datafield tag="300" ind1=" " ind2=" ">
<marc:subfield code="a">180 p., xxi leaves of plates :</marc:subfield>
<marc:subfield code="b">ill. (1 col.) ;</marc:subfield>
<marc:subfield code="c">36 cm. </marc:subfield>
</marc:datafield>

<marc:datafield tag="500" ind1=" " ind2=" ">
<marc:subfield code="a">Large paper copy. </marc:subfield>
</marc:datafield>

<marc:datafield tag="546" ind1=" " ind2=" ">
<marc:subfield code="a">Text in French. </marc:subfield>
</marc:datafield>

<marc:datafield tag="592" ind1=" " ind2=" ">
<marc:subfield code="a">Scanned for Darwin Library and BHL. </marc:subfield>
</marc:datafield>

<marc:datafield tag="596" ind1=" " ind2=" ">
<marc:subfield code="a">3 </marc:subfield>
</marc:datafield>

<marc:datafield tag="700" ind1="1" ind2=" ">
<marc:subfield code="a">Fischer, Paul Henri,</marc:subfield>
<marc:subfield code="d">1835-1893 </marc:subfield>
</marc:datafield>

<marc:datafield tag="700" ind1="1" ind2=" ">
<marc:subfield code="a">Tournouer, R. </marc:subfield>
</marc:datafield>

<marc:controlfield tag="001">Catkey 8261 </marc:controlfield>

<marc:datafield tag="590" ind1="1" ind2=" ">
<marc:subfield code="a">Itemid 213757 </marc:subfield>
</marc:datafield>

<marc:datafield tag="999" ind1=" " ind2=" ">
<marc:subfield code="a">72G f GAU</marc:subfield>
<marc:subfield code="w">WOODWARD</marc:subfield>
<marc:subfield code="c">1</marc:subfield>
<marc:subfield code="i">213757</marc:subfield>
<marc:subfield code="d">27/3/1998</marc:subfield>
<marc:subfield code="l">SHELVES</marc:subfield>
<marc:subfield code="m">PALAEO</marc:subfield>
<marc:subfield code="r">Y</marc:subfield>
<marc:subfield code="s">Y</marc:subfield>
<marc:subfield code="t">BOOK</marc:subfield>
<marc:subfield code="u">27/3/1998</marc:subfield>
<marc:subfield code="x">MAIN</marc:subfield>
<marc:subfield code="z">FOLIO </marc:subfield>
</marc:datafield>

</marc:record>